@misc{rvaleiras,
 author = {Gubicza Jenő},
 title = {Röntgen vonalprofil analízis},
 note = {\url{http://szft.elte.hu/%7Egubicza/rontgen_vonalprofil_analizis.pdf}}
}
